@inproceedings{pnqs,
  title={Mining your Ps and Qs: detection of widespread weak keys in network devices},
  author={Heninger, Nadia and Durumeric, Zakir and Wustrow, Eric and Halderman, J Alex},
  booktitle={Proceedings of the 21st USENIX conference on Security symposium},
  pages={35--35},
  year={2012},
  organization={USENIX Association}
}

@conference{kmowery,
  title={Welcome to the Entropics: Boot-Time Entropy in Embedded Devices},
  author={Mowery, Keaton and Wei, Michael and Kohlbrenner, David and Shacham, Hovav and Swanson, Steven},
  booktitle={IEEE Security and Privacy},
  year = 2013
}

@inproceedings{yilek,
  title={When private keys are public: results from the 2008 Debian OpenSSL vulnerability},
  author={Yilek, Scott and Rescorla, Eric and Shacham, Hovav and Enright, Brandon and Savage, Stefan},
  booktitle={Proceedings of the 9th ACM SIGCOMM conference on Internet measurement conference},
  pages={15--27},
  year={2009},
  organization={ACM}
}

@inproceedings{linuxPRNG,
  title={Analysis of the linux random number generator},
  author={Gutterman, Zvi and Pinkas, Benny and Reinman, Tzachy},
  booktitle={Security and Privacy, 2006 IEEE Symposium on},
  pages={15--pp},
  year={2006},
  organization={IEEE}
}

@techreport{revisited,
  title={The linux pseudorandom number generator revisited},
  author={Lacharme, Patrick and R{\"o}ck, Andrea and Strubel, Vincent and Videau, Marion},
  year={2012},
  institution={Cryptology ePrint Archive, Report 2012/251}
}

@misc{random4,
    title = "random(4) Linux manual page.",
    note = {\url{http://man7.org/linux/man-pages/man4/random.4.html}}
}

@misc{random3,
    title = "random(3) Linux manual page.",
    note = {\url{http://man7.org/linux/man-pages/man3/random.3.html}}
}

@article{tausworthe,
  title={Maximally equidistributed combined Tausworthe generators},
  author={L’ecuyer, Pierre},
  journal={Mathematics of Computation of the American Mathematical Society},
  volume={65},
  number={213},
  pages={203--213},
  year={1996}
}

@incollection{bellare_dss,
  title={“Pseudo-random” number generation within cryptographic algorithms: The DDS case},
  author={Bellare, Mihir and Goldwasser, Shafi and Micciancio, Daniele},
  booktitle={Advances in Cryptology—CRYPTO'97},
  pages={277--291},
  year={1997},
  publisher={Springer}
}

@article{chor_bits,
  title={Unbiased bits from sources of weak randomness and probabilistic communication complexity},
  author={Chor, Benny and Goldreich, Oded},
  journal={SIAM Journal on Computing},
  volume={17},
  number={2},
  pages={230--261},
  year={1988},
  publisher={SIAM}
}

@inproceedings{disk_timing,
  title={Cryptographic randomness from air turbulence in disk drives},
  author={Davis, Don and Ihaka, Ross and Fenstermacher, Philip},
  booktitle={Advances in Cryptology—Crypto’94},
  pages={114--120},
  year={1994},
  organization={Springer}
}

@article{intelHW,
  title={Behind intel’s new random-number generator},
  author={Taylor, GREG and Cox, G},
  journal={IEEE Spectr},
  pages={32--35},
  year={2011}
}

@inproceedings{windows,
  title={Cryptanalysis of the windows random number generator},
  author={Dorrendorf, Leo and Gutterman, Zvi and Pinkas, Benny},
  booktitle={Proceedings of the 14th ACM conference on Computer and communications security},
  pages={476--485},
  year={2007},
  organization={ACM}
}

@inproceedings{viega,
  title={Practical random number generation in software},
  author={Viega, John},
  booktitle={Computer Security Applications Conference, 2003. Proceedings. 19th Annual},
  pages={129--140},
  year={2003},
  organization={IEEE}
}
 
@article{netscape,
  title={Randomness and the netscape browser},
  author={Goldberg, Ian and Wagner, David},
  journal={Dr Dobb's Journal-Software Tools for the Professional Programmer},
  volume={21},
  number={1},
  pages={66--71},
  year={1996},
  publisher={Redwood City, CA: M\&T Pub., 1989-}
}

@book{illustrated,
       author = {WR Stevens and KR Fall},
       year = {2011},
       title = {TCP/IP Illustrated, Volume 1},
       publisher = {Addison-Wesley Professional},
       address = {Reading, Massachusetts}
}

@article{tcp_problems,
     author={Bellovin, S M},
     title={Security Problems in the TCP/IP Protocol Suite},
     journal={ACM SIGCOMM Computer Communication Review},
     volume={19},
     year = 1989,
     pages = {32-48}
}

@conference{tcp_problems_back,
     author={Bellovin, S M},
     title={A look back at "security problems in the TCP/IP protocol suite"},
     booktitle={Computer Security Applications Conference},
     volume={20},
     year = 2004,
     pages = {229-249}
}

@article{tcp_attacks_methods,
  title={TCP/IP security threats and attack methods},
  author={Harris, B and Hunt, R},
  journal={Computer Communications},
  volume={22},
  number={10},
  pages={885--897},
  year={1999},
  publisher={Elsevier}
}

@article{tcp_RFC,
     author={F Gont and S Bellovin},
     title={Defending Against Sequence Number Attacks},
     journal={Internet RFC},
     volume={6528},
     year = 2012,
     pages = {ISSN 2070-1721}
}

@article{128_RFC,
     author={D Eastlake and J Schiller and S Crocker},
     title={Randomness Requirements for Security},
     journal={Internet RFC},
     volume={4086},
     year = 2005
}

@article{aleph,
     author={Aleph One},
     title={Smashing the stack for fun and profit},
     journal={Phrack Magazine},
     volume={49},
     year = 1996
}

@article{freeVuln,
     author={Anonymous},
     title={Once upon a free()},
     journal={Phrack Magazine},
     volume={57},
     year = 2001
}

@article{intOverflow,
     author={blexim},
     title={Basic integer overflows},
     journal={Phrack Magazine},
     volume={60},
     year = 2002
}

@inbook{lowLevSec,
     author = {Ulfar Erlingsson and Yves Younan and Frank Piessens},
     title = {Handbook of Information and Communication Security},
     chapter = {Low-Level Software Security by Example},
     publisher = {Springer Berlin Heidelberg},
     pages = {633-658},
     year = 2010
}

@misc{format,
     author={scut and TESO},
     title={Exploiting Format String Vulnerabilities},
     year = 2001
}

@inproceedings{cfi,
  title={Control-flow integrity},
  author={Abadi, Mart{\'\i}n and Budiu, Mihai and Erlingsson, Ulfar and Ligatti, Jay},
  booktitle={Proceedings of the 12th ACM conference on Computer and communications security},
  pages={340--353},
  year={2005},
  organization={ACM}
}

@inproceedings{stackguard,
  title={StackGuard: Automatic adaptive detection and prevention of buffer-overflow attacks},
  author={Cowan, Crispin and Pu, Calton and Maier, Dave and Hinton, Heather and Walpole, Jonathan and Bakke, Peat and Beattie, Steve and Grier, Aaron and Wagle, Perry and Zhang, Qian},
  booktitle={Proceedings of the 7th USENIX Security Symposium},
  volume={81},
  pages={346--355},
  year={1998}
}

@inproceedings{stackguardUse,
  title={Protecting systems from stack smashing attacks with StackGuard},
  author={Cowan, Crispin and Beattie, Steve and Day, Ryan Finnin and Pu, Calton and Wagle, Perry and Walthinsen, Erik},
  booktitle={Linux Expo},
  year={1999},
  organization={Citeseer}
}

@inproceedings{buff_overflow_today,
  title={A buffer overflow benchmark for software model checkers},
  author={Ku, Kelvin and Hart, Thomas E and Chechik, Marsha and Lie, David},
  booktitle={Proceedings of the twenty-second IEEE/ACM international conference on Automated software engineering},
  pages={389--392},
  year={2007},
  organization={ACM}
}

@inproceedings{ASLR,
  title={On the effectiveness of address-space randomization},
  author={Shacham, Hovav and Page, Matthew and Pfaff, Ben and Goh, Eu-Jin and Modadugu, Nagendra and Boneh, Dan},
  booktitle={Proceedings of the 11th ACM conference on Computer and communications security},
  pages={298--307},
  year={2004},
  organization={ACM}
}

@inproceedings{ASLP,
  title={Address space layout permutation (aslp): Towards fine-grained randomization of commodity software},
  author={Kil, Chongkyung and Jun, Jinsuk and Bookholt, Christopher and Xu, Jun and Ning, Peng},
  booktitle={Computer Security Applications Conference, 2006. ACSAC'06. 22nd Annual},
  pages={339--348},
  year={2006},
  organization={IEEE}
}

@inproceedings{android_ASLR,
  title={Address space randomization for mobile devices},
  author={Bojinov, Hristo and Boneh, Dan and Cannings, Rich and Malchev, Iliyan},
  booktitle={Proceedings of the fourth ACM conference on Wireless network security},
  pages={127--138},
  year={2011},
  organization={ACM}
}

@book{linkers_loaders,
       author = {Levine, John R},
       year = {1999},
       title = {Linkers and Loaders},
       publisher = {Morgan Kaufmann},
       address = {San Francisco, CA}
}

@misc{PaX,
     author={PaX Team},
     title={Pax address space layout randomization},
     note = {\url{http://pax.grsecurity.net/docs/aslr.txt}},
     year = {2003}
}

@inproceedings{csrf,
  title={Robust defenses for cross-site request forgery},
  author={Barth, Adam and Jackson, Collin and Mitchell, John C},
  booktitle={Proceedings of the 15th ACM conference on Computer and communications security},
  pages={75--88},
  year={2008},
  organization={ACM}
}

@inproceedings{phishing,
  title={Why phishing works},
  author={Dhamija, Rachna and Tygar, J Doug and Hearst, Marti},
  booktitle={Proceedings of the SIGCHI conference on Human Factors in computing systems},
  pages={581--590},
  year={2006},
  organization={ACM}
}

@article{clickjack,
  title={Busting frame busting: a study of clickjacking vulnerabilities at popular sites},
  author={Rydstedt, Gustav and Bursztein, Elie and Boneh, Dan and Jackson, Collin},
  journal={IEEE Oakland Web},
  volume={2},
  year={2010}
}

@inproceedings{DNSPoison,
  title={Protecting against DNS cache poisoning attacks},
  author={Trostle, Jonathan and Van Besien, Bill and Pujari, Ashish},
  booktitle={Secure Network Protocols (NPSec), 2010 6th IEEE Workshop on},
  pages={25--30},
  year={2010},
  organization={IEEE}
}

@article{kaminsky,
  title={Black ops 2008: It’s the end of the cache as we know it},
  author={Kaminsky, Dan},
  journal={Black Hat USA},
  year={2008}
}

@article{poker,
  title={How we learned to cheat at online poker: A study in software security},
  author={Arkin, Brad and Hill, Frank and Marks, Scott and Schmid, Matt and Walls, Thomas John and Mc-Graw, Gary},
  journal={The developer. com Journal},
  year={1999}
}

@incollection{java_sessid,
  title={Hold your sessions: An attack on Java session-id generation},
  author={Gutterman, Zvi and Malkhi, Dahlia},
  booktitle={Topics in Cryptology--CT-RSA 2005},
  pages={44--57},
  year={2005},
  publisher={Springer}
}

@inproceedings{2013_entropy,
  title={Entropy harvesting from physical sensors},
  author={Hennebert, Christine and Hossayni, Hicham and Lauradoux, C{\'e}dric},
  booktitle={Proceedings of the sixth ACM conference on Security and privacy in wireless and mobile networks},
  pages={149--154},
  year={2013},
  organization={ACM}
}

@article{vansecure,
  title={Secure PRNG Seeding on Commerial-of-the-Shelf Microcontrollers},
  author={Van Herrewege, Anthony and van der Leest, Vincent and Schaller, Andr{\'e} and Katzenbeisser, Stefan and Verbauwhede, Ingrid}
}